<?xml version="1.0" encoding="UTF-8"?><collection xmlns="http://www.loc.gov/MARC21/slim"><record><leader>00610nam--2200181-i-4500</leader><controlfield tag="001">000006737</controlfield><controlfield tag="002">20161230</controlfield><controlfield tag="005">20161230201026</controlfield><controlfield tag="008">060222s1000------------r-----000-0-eng-d</controlfield><datafield ind1=" " ind2=" " tag="040"><subfield code="a">IFIN-HH</subfield></datafield><datafield ind1=" " ind2=" " tag="080"><subfield code="a">535.8</subfield></datafield><datafield ind1="1" ind2=" " tag="100"><subfield code="a">Bracey, R.J</subfield></datafield><datafield ind1="1" ind2="0" tag="245"><subfield code="a">The technique of optical instrument design</subfield><subfield code="b">An account of the theory and computation of simple and compound lens systems with examples from the optical sciences</subfield><subfield code="c">R.j. bracey</subfield></datafield><datafield ind1=" " ind2=" " tag="260"><subfield code="a">London</subfield><subfield code="b">The English Universities Press Ltd</subfield><subfield code="c">1960</subfield></datafield><datafield ind1=" " ind2=" " tag="300"><subfield code="a">XII + 316 P</subfield></datafield><datafield ind1=" " ind2=" " tag="490"><subfield code="a">Applied Physics Guides</subfield></datafield><datafield ind1=" " ind2=" " tag="852"><subfield code="a">19678</subfield><subfield code="c">535</subfield></datafield><datafield ind1=" " ind2=" " tag="CAT"><subfield code="a">Sys</subfield><subfield code="c">20101022</subfield><subfield code="h">123645</subfield></datafield></record></collection>